
@book{edwards,
	author = {H. M. Edwards},
	title = {Riemann's Zeta Function},
	isbn = {9780486417400},
	publisher = {Dover}
}

@online{wrong-pf,
	author = {Numberphile},
	title = {ASTOUNDING: 1 + 2 + 3 + 4 + 5 + ... = -1/12},
	url = {https://www.youtube.com/watch?v=w-I6XTVZXww}
}
