@book{koblitz,
	author = {Neal Koblitz},
	title = {$p$-adic Numbers, $p$-adic Analysis, and Zeta-Functions},
	isbn = {9781461270140},
	publisher = {Springer}
}
@book{aliprantis,
	author = {Aliprantis, Charalambos D. and Burkinshaw, Owen},
	title = {Principles of Real Analysis},
	isbn ={0-12-050257-7},
	publisher = {Academic Press}
}
@book{fomin,
	author = {Kolmogorov, A. N. and Fomin, S.V.},
	title = {Introductory Real Analysis},
	isbn = {978-0-486-61226-3},
	publisher = {Dover}
}
