@book{howie,
	author = {Hongwei Chen},
	title = {Excursions in Classical Analysis},
	isbn = {978-0-88385-768-7},
	publisher = {Mathematical Association of America}
}
