@book{howie,
	author = {John M. Howie},
	title = {Complex Analysis},
	isbn = {978-1-85233-733-9},
	publisher = {Springer}
}
