@book{koblitz,
	author = {Neal Koblitz},
	title = {$p$-adic Numbers, $p$-adic Analysis, and Zeta-Functions},
	isbn = {9781461270140},
	publisher = {Springer}
}
