@book{roman,
	author = {Steven Roman},
	title = {Advanced Linear Algebra},
	isbn = {978-0-387-72828-5},
	publisher = {Springer}
}
@online{wiki,
author={Wikipedia},
title={Minimal polynomial (linear algebra)},
url={https://en.wikipedia.org/wiki/Minimal_polynomial_(linear_algebra)}
}
